<?xml version="1.0" encoding="UTF-8"?><collection xmlns="http://www.loc.gov/MARC21/slim"><record><leader>00365nam--2200121-i-4500</leader><controlfield tag="001">000016414</controlfield><controlfield tag="002">20161230</controlfield><controlfield tag="005">20161230201031</controlfield><controlfield tag="008">060222s1000------------r-----000-0-eng-d</controlfield><datafield ind1=" " ind2=" " tag="100"><subfield code="a">Seifert,Ulrich</subfield></datafield><datafield ind1=" " ind2=" " tag="245"><subfield code="a">Untersuchungen zur naturlichen und magneitischen optischen aktivitat absorbieren der media.dissert</subfield></datafield><datafield ind1=" " ind2=" " tag="260"><subfield code="a">Wurzburg,Universitat,1962. 91 P</subfield></datafield><datafield ind1=" " ind2=" " tag="852"><subfield code="a">78212</subfield></datafield></record></collection>